@article{park_miller_1988,
title={Random Number Generators: Good Ones Are Hard To Find},
volume={31},
DOI={10.1145/63039.63042},
number={10},
journal={Communications of the ACM},
author={Park, S. K. and Miller, K. W.},
year={1988},
pages={1192â€“1201}}

@book{abelson_sussman_sussman_1996,
place={Cambridge, Mass},
title={Structure and Interpretation of Computer Programs},
publisher={MIT Press},
author={Abelson, Harold and Sussman, Gerald Jay. and Sussman, Julie},
year={1996}}

@book{apostol_2011,
place={New York},
title={Introduction to Analytic Number Theory},
publisher={Springer},
author={Apostol, Tom M.},
year={2011}}

@book{knuth_1997,
place={Boston},
edition={3rd},
title={The Art of Computer Programming, Volume 2: Seminumerical Algorithms},
publisher={Addison-Wesley},
author={Knuth, Donald Ervin},
year={1997}}

@book{rudin_1976,
place={New York, NY},
title={Principles of Mathematical Analysis},
publisher={McGraw-Hill},
author={Rudin, Walter},
year={1976}}
